<record><leader>00000cas a2200000 a 4500</leader><controlfield tag="001">145471352</controlfield><controlfield tag="008">070625d19982001miuwr ne      0   a0eng c</controlfield><datafield ind1=" " ind2=" " tag="010"><subfield code="a">sn2007060023</subfield></datafield><datafield ind1=" " ind2=" " tag="040"><subfield code="a">MHN</subfield><subfield code="b">eng</subfield><subfield code="c">MHN</subfield><subfield code="d">MHN</subfield><subfield code="d">OCLCQ</subfield><subfield code="d">OCLCF</subfield></datafield><datafield ind1="1" ind2=" " tag="029"><subfield code="a">AU@</subfield><subfield code="b">000041765850</subfield></datafield><datafield ind1=" " ind2=" " tag="042"><subfield code="a">pcc</subfield></datafield><datafield ind1=" " ind2=" " tag="043"><subfield code="a">n-us-mi</subfield></datafield><datafield ind1="0" ind2=" " tag="130"><subfield code="a">Jordan journal (East Jordan, Mich.)</subfield></datafield><datafield ind1="1" ind2="0" tag="245"><subfield code="a">Jordan journal.</subfield></datafield><datafield ind1=" " ind2=" " tag="260"><subfield code="a">East Jordan, Mich. :</subfield><subfield code="b">Hudson Pub.</subfield></datafield><datafield ind1=" " ind2=" " tag="300"><subfield code="a">v.</subfield></datafield><datafield ind1=" " ind2=" " tag="310"><subfield code="a">Weekly</subfield></datafield><datafield ind1="0" ind2=" " tag="362"><subfield code="a">Vol. 6, no. 31 (Apr. 29, 1998)-v.10, no. 6 (Nov. 28, 2001).</subfield></datafield><datafield ind1=" " ind2="0" tag="651"><subfield code="a">East Jordan (Mich.)</subfield><subfield code="v">Newspapers.</subfield></datafield><datafield ind1=" " ind2="0" tag="651"><subfield code="a">Boyne City (Mich.)</subfield><subfield code="v">Newspapers.</subfield></datafield><datafield ind1=" " ind2="0" tag="651"><subfield code="a">Charlevoix County (Mich.)</subfield><subfield code="v">Newspapers.</subfield></datafield><datafield ind1=" " ind2="7" tag="655"><subfield code="a">Newspapers.</subfield><subfield code="2">fast</subfield><subfield code="0">(OCoLC)fst01423814</subfield></datafield><datafield ind1=" " ind2="7" tag="651"><subfield code="a">Michigan</subfield><subfield code="z">Boyne City.</subfield><subfield code="2">fast</subfield><subfield code="0">(OCoLC)fst01214905</subfield></datafield><datafield ind1=" " ind2="7" tag="651"><subfield code="a">Michigan</subfield><subfield code="z">Charlevoix County.</subfield><subfield code="2">fast</subfield><subfield code="0">(OCoLC)fst01211332</subfield></datafield><datafield ind1=" " ind2="7" tag="651"><subfield code="a">Michigan</subfield><subfield code="z">East Jordan.</subfield><subfield code="2">fast</subfield><subfield code="0">(OCoLC)fst01219681</subfield></datafield><datafield ind1=" " ind2=" " tag="752"><subfield code="a">United States</subfield><subfield code="b">Michigan</subfield><subfield code="c">Charlevoix</subfield><subfield code="d">East Jordan.</subfield></datafield><datafield ind1="0" ind2="0" tag="780"><subfield code="t">East Jordan journal</subfield><subfield code="w">(DLC)sn2007060022</subfield><subfield code="w">(OCoLC)145470212</subfield></datafield><datafield ind1="0" ind2="7" tag="785"><subfield code="t">Boyne citizen</subfield></datafield><datafield ind1="0" ind2="7" tag="785"><subfield code="t">Citizen-journal</subfield><subfield code="w">(DLC)sn2007060024</subfield><subfield code="w">(OCoLC)154572333</subfield></datafield></record>